%% This BibTeX bibliography file was created using BibDesk.
%% http://bibdesk.sourceforge.net/


%% Created for Tirhakah at 2014-03-24 11:58:30 +0000 


%% Saved with string encoding Unicode (UTF-8) 



@article{beggan1992social,
	Author = {Beggan, James K},
	Date-Added = {2014-03-24 11:57:18 +0000},
	Date-Modified = {2014-03-24 11:57:18 +0000},
	Journal = {Journal of Personality and Social Psychology},
	Number = {2},
	Pages = {229},
	Publisher = {American Psychological Association},
	Title = {On the social nature of nonsocial perception: The mere ownership effect.},
	Volume = {62},
	Year = {1992}}

@inproceedings{magrelli2013complementarity,
	Author = {Magrelli, Silvia and Dillenbourg, Pierre and Jermann, Patrick and Verma, Himanshu and Roman, Flaviu and others},
	Booktitle = {Proceedings of the 16th ACM Conference on Computer Supported Cooperative Work and Social Computing},
	Date-Added = {2014-03-24 11:55:12 +0000},
	Date-Modified = {2014-03-24 11:55:12 +0000},
	Number = {EPFL-CONF-181954},
	Organization = {ACM},
	Title = {Complementarity of Input Devices to Achieve Knowledge Sharing in Meetings},
	Year = {2013}}

@book{argyle1976gaze,
	Author = {Argyle, Michael and Cook, Mark},
	Date-Added = {2014-03-24 10:34:04 +0000},
	Date-Modified = {2014-03-24 11:12:11 +0000},
	Publisher = {Cambridge U Press},
	Title = {Gaze and mutual gaze.},
	Year = {1976}}

@inproceedings{barlow2013emergent,
	Author = {Barlow, Jordan B},
	Booktitle = {Proceedings of the 2013 conference on Computer supported cooperative work},
	Date-Added = {2014-03-24 10:25:51 +0000},
	Date-Modified = {2014-03-24 10:25:51 +0000},
	Organization = {ACM},
	Pages = {1505--1514},
	Title = {Emergent roles in decision-making tasks using group chat},
	Year = {2013}}

@article{straus1999testing,
	Author = {Straus, Susan G},
	Date-Added = {2014-03-24 10:10:09 +0000},
	Date-Modified = {2014-03-24 11:34:56 +0000},
	Journal = {Small Group Research},
	Number = {2},
	Pages = {166--187},
	Publisher = {Sage Publications},
	Title = {{Testing a Typology of Tasks An Empirical Validation of McGrath's (1984) Group Task Circumplex}},
	Volume = {30},
	Year = {1999}}

@article{monk2003common,
	Author = {Monk, Andrew},
	Date-Added = {2014-03-24 10:08:07 +0000},
	Date-Modified = {2014-03-24 11:35:20 +0000},
	Journal = {{HCI models, theories, and frameworks: Toward a multidisciplinary science}},
	Pages = {265--289},
	Publisher = {Morgan Kaufmann San Francisco, CA},
	Title = {{Common ground in electronically mediated communication: Clark's theory of language use}},
	Year = {2003}}

@article{dongone2012,
	Author = {Dong, W and Fu, {Wai-Tat}},
	Pages = {167-176},
	Publisher = {{ACM}},
	Title = {One piece at a time: why video-based communication is better for negotiation and conflict resolution},
	Year = {2012}}

@article{dinginforming2011,
	Author = {Xianghua Ding and Thomas Erickson and Wendy A. Kellogg and Donald J. Patterson},
	Doi = {10.1007/s00779-011-0443-8},
	Journal = {Personal and Ubiquitous Computing},
	Title = {Informing and performing: investigating how mediated sociality becomes visible},
	Url = {http://dx.doi.org/10.1007/s00779-011-0443-8},
	Volume = {16},
	Year = {2011},
	Bdsk-Url-1 = {http://dx.doi.org/10.1007/s00779-011-0443-8}}

@article{thom-santelliwhat2010,
	Author = {{Thom-Santelli,} Jennifer and Cosley, D and Gay, Geri},
	Pages = {1685-1694},
	Publisher = {{ACM}},
	Title = {What do you know?: experts, novices and territoriality in collaborative systems},
	Year = {2010}}

@article{thom-santelliwhats2009,
	Author = {{Thom-Santelli,} J and Cosley, D and Gay, G},
	Title = {What's mine is mine: territoriality in collaborative authoring},
	Year = {2009}}

@article{halversonwhat2003,
	Author = {Halverson, Christine A and Erickson, Thomas and Sussman, Jeremy},
	Pages = {180-189},
	Publisher = {{ACM}},
	Title = {What counts as success? Punctuated patterns of use in a persistent chat environment},
	Year = {2003}}

@article{olsondistance2000,
	Author = {Olson, Gary M and Olson, Judith S},
	Doi = {10.1207/S15327051HCI1523_4},
	Journal = {Human-computer interaction},
	Number = {2},
	Pages = {139-178},
	Publisher = {L. Erlbaum Associates Inc.},
	Title = {Distance matters},
	Url = {http://dx.doi.org/10.1207/S15327051HCI1523_4},
	Volume = {15},
	Year = {2000},
	Bdsk-Url-1 = {http://dx.doi.org/10.1207/S15327051HCI1523_4}}

@article{ericksonsocial2000,
	Author = {Erickson, T and Kellogg, W},
	Title = {Social translucence: an approach to designing systems that support social processes},
	Year = {2000}}

@article{begganassociation1994,
	Author = {James K. Beggan and Ellen M. Brown},
	Doi = {10.1080/00223980.1994.9712741},
	Journal = {The Journal of Psychology},
	Title = {Association as a Psychological Justification for Ownership},
	Url = {http://dx.doi.org/10.1080/00223980.1994.9712741},
	Volume = {128},
	Year = {1994},
	Bdsk-Url-1 = {http://dx.doi.org/10.1080/00223980.1994.9712741}}

@article{argylegaze1976,
	Author = {Argyle, Michael and Cook, Mark},
	Publisher = {Cambridge U Press},
	Title = {Gaze and mutual gaze.},
	Year = {1976}}
